
@misc{geeksforgeeks2025palm,
   author = {{GeeksforGeeks}},
   title = {Palm Print Recognition using Machine Learning},
   howpublished = {\url{https://www.geeksforgeeks.org/computer-networks/what-is-biometric-authentication/}},
   year = {2025},
   note = {Zugriff am: 02.08.2025}
}

@misc{innovatrics2025palm,
   author = {{Innovatrics}},
   title = {Palm Print Recognition},
   howpublished = {\url{https://www.innovatrics.com/glossary/palm-print-recognition/#:~:text=Palm%20print%20recognition%20is%20a%20biometric%20modality%20that%20focuses%20on,palm%20scanners%20or%20imaging%20sensors.}},
   note = {Zugriff am: 02.08.2025}
}

@misc{tencent2024palm,
   author = {{Tencent}},
   title = {Weixin’s Palm Scan Payments Is Like Waving at a Friend},
   howpublished = {\url{https://www.tencent.com/en-us/articles/2201785.html}},
   year = {2024},
   note = {Zugriff am: 02.08.2025}
}

@misc{haoMiao2025wechat,
   author = {{Hao Miao, IThome}},
   title = {WeChat: Palm Zahlung verwendet "Palm Print + Palm Vein" 
   Dual-Identifikationstechnologie, gefälschte Hände können nicht sein},
   howpublished = {\url{https://www.ithome.com/0/867/537.htm}},
   year = {2025},
   note = {Zugriff am: 02.08.2025}
}
@misc{pan2024palm,
   author = {{PAN Zaiyu1, XU Jiameng1, WANG Jun1, JIA Wei}},
   title = {Palmprint and palm vein recognition method based on modal information evaluation strategy},
   howpublished = {\url{https://html.rhhz.net/tis/html/202310002.htm}},
   year = {2024},
   note = {Zugriff am: 02.08.2025}
}

@misc{tang2022wechat,
   author = {{Tang Ren}},
   title = {Welche Vorteile bietet die Online-Bezahlfunktion von WeChat mit der Handfläche?},
   howpublished = {\url{https://36kr.com/p/1957105856076935}},
   year = {2022},
   note = {Zugriff am: 02.08.2025}
}

